@article{article,
author = {Owen, Art},
year = {2003},
month = {01},
pages = {1-17},
title = {The dimension distribution and quadrature test functions},
volume = {13},
journal = {Statistica Sinica}
}

@article{sobol1993sensitivity,
  author  = {Sobol, I. M.},
  title   = {Sensitivity Estimates for Nonlinear Mathematical Models},
  journal = {Mathematical Modelling and Computational Experiments},
  volume  = {1},
  pages   = {407--414},
  year    = {1993}
}
